@book{Che46,
	author = {Claude Chevalley},
	number = {8},
	publisher = {Princeton University Press},
	series = {Princeton Mathematical Series},
	title = {Theory Of Lie Groups I},
	year = {1946}
}

@book{Yok25,
	author = {Ichiro Yokota},
	number = {15},
	publisher = {Springer Nature Switzerland AG},
	series = {Lecture Notes in Mathematics},
	title = {Exceptional Lie groups},
	volume = {2369},
	year = {2025}
}