@inproceedings{Izu17,
    author = {Masaki Izumi},
    title = {A Cuntz algebra approach to the classification of near-group categories},
    year = {2017},
    booktitle = {Proceedings of the 2014 Maui and 2015 Qinhuangdao Conferences in Honour of Vaughan F.\ R.\ Jones' 60th Birthday},
    pages = {222-343},
    series = {Proc.\ Centre Math.\ Appl.\ Austral.\ Nat.\ Univ.},
    volume = {46},
    publisher = {Australian National University, Centre for Mathematics and its Applications, Canberra}
}