@misc{Ada14,
	addendum = {available at\\\href{https://math.umd.edu/~jda/744/744.real\_forms.pdf}{https://math.umd.edu/\(\sim \)jda/744/744.real\_forms.pdf}},
	author = {Jeffrey Adams},
	howpublished = {University of Maryland},
	title = {Real Forms},
	year = {2014}
}

%@article{Bre03,
%	author = {Frencesco Brenti},
%	journal = {S\'{e}min.\ Lothar.\ Comb.},
%	title = {Kazhdan--Lusztig polynomials: History, Problems, and Combinatorial\linebreak Invariance},
%	volume = {49, article B49b},
%	year = {2003}
%}

@article{CR08,
	author = {Joseph Chuang and Rapha\"{e}l Rouquier},
	journal = {Ann.\ of Math.},
	pages = {245--298},
	title = {Derived equivalences for symmetric groups and $\mathfrak{sl}_2$-\linebreak categorification},
	volume = {167},
	year = {2008}
}

%@article{CF18,
%	author = {Manuel Cort\'{e}s-Izurdiaga and Alberto Facchini},
%	journal = {Appl.\ Categor.\ Struct},
%	pages = {617--629},
%	title = {Maximal Ideals in Module Categories and Applications},
%	volume = {26},
%	year = {2018}
%}

@article{DGG14,
	author = {Paramita Das and Shamindra Kumar Ghosh and Ved Prakash Gupta},
	journal = {Math.\ Scand.},
	number = {1},
	pages = {38--85},
	title = {Perturbations of Planar Algebras},
	volume = {114},
	year = {2014}
}

@misc{Ela20,
	addendum = {available at \href{https://web.archive.org/web/20210127141540/https://ium.mccme.ru/f20/f20-Elagin.html}{https://ium.mccme.ru/f20/f20-Elagin.html}},
	author = {Alexey Dmitrievich Elagin},
	howpublished = {Moscow Center for Continuous Mathematical Education},
	title = {\foreignlanguage{russian}{Гомологические методы в теории представлений конечномерных алгебр}},
	year = {2020}
}

@book{EMTW20,
	author = {Ben Elias and Shotaro Makisumi and Ulrich Thiel and Geordie Williamson},
	publisher = {Springer Nature Switzerland},
    series = {RSME Springer Series},
	title = {Introduction to Soergel\linebreak Bimodules},
	volume = {5},
	year = {2020}
}

@article{EW14,
	author = {Ben Elias and Geordie Williamson},
	journal = {Ann.\ Math.},
	pages = {1089--1136},
	title = {The Hodge theory of Soergel bimodules},
	volume = {180},
	year = {2014}
}

@book{EGNO16,
    author = {Pavel Etingof and Shlomo Gelaki and Dmitri Nikshych and Victor Ostrik},
	publisher = {American Mathematical Society},
    series = {Mathematical Surveys and Monographs 205},
    title = {Tensor Categories},
	year = {2016}
}

@book{GP00,
	author = {Meinolf Geck and G\"{o}tz Pfeiffer},
	publisher = {The Clarendon Press, Oxford University Press, New York},
	series = {London Mathematical Society Monographs},
	title = {Characters of Finite Coxeter Groups and Iwahori--Hecke Algebras},
	volume = {21},
	year = {2000}
}

@article{Jon85,
	author = {Vaughan Frederick Randal Jones},
	journal = {Bull.\ Amer.\ Math.\ Soc.},
	number = {1},
	pages = {103--111},
	title = {A polynomial invariant for knots via von Neumann algebras},
	volume = {12},
	year = {1985}
}

@article{Jun19,
	author = {Arnold Tan Junhan},
	doi = {10.48550/arXiv.1901.08591},
	title = {The Freyd-Mitchell Embedding Theorem},
	url = {https://arxiv.org/abs/1901.08591},
	year = {2019}
}

@misc{Kam11,
	addendum = {available at\\\href{https://www.math.toronto.edu/jkamnitz/courses/reptheory/reptheory.pdf}{https://www.math.toronto.edu/jkamnitz/courses/reptheory/reptheory.pdf}},
	author = {Joel Kamnitzer},
	howpublished = {University of Toronto},
	title = {Representation theory of compact groups and complex reductive groups},
	year = {2011}
}

@article{KL79,
	author = {David Kazhdan and George Lusztig},
	journal = {Invent.\ Math.},
	number = {53},
	pages = {165--184},
	title = {Representations of Coxeter Groups and Hecke Algebras},
	year = {1979}
}

%@article{Kel64,
%	author = {Gregory Maxwell Kelly},
%	journal = {J.\ Austral.\ Math.\ Soc.},
%	pages = {299--307},
%	title = {On the radical of a category},
%	volume = {4},
%	year = {1964}
%}

@article{Kho00,
	author = {Mikhail Khovanov},
	journal = {Duke Math.\ J.},
	number = {3},
	pages = {359--426},
	title = {A categorification of the Jones polynomial},
	volume = {101},
	year = {2000}
}

@article{LR22,
	author = {Scott Larson and Anna Romanov},
	doi = {10.48550/arXiv.2203.09007},
	title = {A categorification of the Lusztig--Vogan module},
	url = {https://arxiv.org/abs/2203.09007},
	year = {2022}
}

@misc{Lei98,
	author = {Tom Leinster},
	doi = {10.48550/arXiv.math/9810017},
	title = {Basic bicategories},
	url = {https://arxiv.org/abs/math/9810017},
	year = {1998}
}

@book{Mac13,
    author = {Saunders {{Mac} Lane}},
    publisher = {Springer New York},
    series = {Graduate Texts in\linebreak Mathematics},
    title = {Categories for the Working Mathematician},
    year = {2013}
}

@article{Mat64,
	author = {Hideya Matsumoto},
	journal = {C.\ R.\ Acad.\ Sci.\ Paris},
	pages = {3419--3422},
	title = {G\'{e}n\'{e}rateurs et relations des groupes de Weyl g\'{e}n\'{e}ralis\'{e}s},
	volume = {258},
	year = {1964}
}

%@article{MM11,
%	author = {Volodymyr Mazorchuk and Vanessa Miemietz},
%	journal = {\linebreak Compositio Math.},
%	pages = {1519--1545},
%	title = {Cell $2$-representations of finitary $2$-categories},
%	volume = {147},
%	year = {2011}
%}

@article{MM14,
	author = {Volodymyr Mazorchuk and Vanessa Miemietz},
	journal = {Trans.\ Amer.\ Math.\ Soc.},
	number = {3},
	pages = {595--615},
	title = {Additive versus abelian $2$-representations of fiat $2$-categories},
	volume = {14},
	year = {2014}
}

@article{MM16,
	author = {Volodymyr Mazorchuk and Vanessa Miemietz},
	journal = {Trans.\ Amer.\ Math.\ Soc.},
	number = {11},
	pages = {7623--7644},
	title = {Transitive $2$-representations of finitary $2$-categories},
	volume = {368},
	year = {2016}
}

@article{MMMTZ21,
	author = {Marco Mackaay and Volodymyr Mazorchuk and Vanessa Miemietz and Daniel Tubbenhauer and Xiaoting Zhang},
	journal = {Forum Math.},
	number = {5},
	pages = {1261--1320},
	title = {Finitary birepresentations of finitary bicategories},
	volume = {33},
	year = {2021}
}

@article{MMMTZ23,
	author = {Marco Mackaay and Volodymyr Mazorchuk and Vanessa Miemietz and Daniel Tubbenhauer and Xiaoting Zhang},
	journal = {Proc.\ Lond.\ Math.\ Soc.},
	number = {5},
	pages = {1585--1655},
	title = {Simple transitive $2$-representations of Soergel bimodules for finite Coxeter types},
	volume = {126},
	year = {2023}
}

@misc{Mal18,
	addendum = {available at \href{https://people.math.binghamton.edu/malkiewich/category\_theory\_cheat\_sheet.pdf}{https://people.math.binghamton.edu/malkiewich/category\_theory\_cheat\_sheet.pdf}},
	author = {Cary Malkiewich},
	title = {Bicategories, pseudofunctors, shadows: a cheat sheet},
	year = {2018}
}

@article{RT91,
	author = {Nicolai Yuryevich Reshetikhin and Vladimir Georgievich Turaev},
	journal = {Invent.\ Math.},
	pages = {547--597},
	title = {Invariants of $3$-manifolds via link polynomials and quantum groups},
	volume = {103},
	year = {1991}
}

@misc{Rou08,
	author = {Rapha\"{e}l Rouquier},
	doi = {10.48550/arXiv.0812.5023},
	howpublished = {preprint},
	title = {$2$-Kac-Moody Algebras},
	year = {2008}
}

@article{Sha23,
	author = {Amit Shah},
	journal = {Expo.\ Math.},
	pages = {220--237},
	title = {Krull-Remak-Schmidt decompositions in Hom-finite additive categories},
	volume = {41},
	year = {2023}
}

@incollection{Str95,
	author = {Ross Street},
	booktitle = {Handbook of Algebra},
	editor = {Michiel Hazewinkel},
    publisher = {Elsevier North-Holland},
	title = {Categorical Structures},
	volume = {1},
	year = {1995}
}

@article{Web17,
	author = {Ben Webster},
	journal = {Mem.\ Amer.\ Math.\ Soc.},
	number = {1191},
	title = {Knot Invariants and Higher Representation Theory},
	volume = {250},
	year = {2017}
}