@article{CR08,
	author = {Joseph Chuang and Rapha\"{e}l Rouquier},
	journal = {Ann.\ of Math.},
	pages = {245--298},
	title = {Derived equivalences for symmetric groups and $\mathfrak{sl}_2$-categorification},
	volume = {167},
	year = {2008}
}

@article{EW14,
	author = {Ben Elias and Geordie Williamson},
	journal = {Ann.\ Math.},
	pages = {1089--1136},
	title = {The Hodge theory of Soergel bimodules},
	volume = {180},
	year = {2014}
}

@inproceedings{Hir99,
    author = {Friedrich Hirzebruch},
	booktitle = {The Heritage of Emmy Noether},
	pages = {57--65},
	publisher = {Bar-Ilan University},
    series = {Israel Mathematical Conference Proceedings},
    title = {Emmy Noether and Topology},
	year = {1999}
}

@article{Jon85,
	author = {Vaughan Frederick Randal Jones},
	journal = {Bull.\ Amer.\ Math.\ Soc.},
	number = {1},
	pages = {103--111},
	title = {A polynomial invariant for knots via von Neumann algebras},
	volume = {12},
	year = {1985}
}

@article{Kau87,
	author = {Louis Hirsch Kauffman},
	journal = {Topology},
	number = {3},
	pages = {395--407},
	title = {State models and the Jones polynomial},
	volume = {26},
	year = {1987}
}

@article{KL79,
	author = {David Kazhdan and George Lusztig},
	journal = {Invent.\ Math.},
	number = {53},
	pages = {165--184},
	title = {Representations of Coxeter Groups and Hecke Algebras},
	year = {1979}
}

@article{Kho00,
	author = {Mikhail Khovanov},
	journal = {Duke Math.\ J.},
	number = {3},
	pages = {359--426},
	title = {A categorification of the Jones polynomial},
	volume = {101},
	year = {2000}
}

@misc{LR22,
	author = {Scott Larson and Anna Romanov},
	doi = {10.48550/arXiv.2203.09007},
	howpublished = {preprint},
	title = {A categorification of the Lusztig--Vogan module},
	url = {https://arxiv.org/abs/2203.09007},
	year = {2022}
}

@article{MM16,
	author = {Volodymyr Mazorchuk and Vanessa Miemietz},
	journal = {Trans.\ Amer.\ Math.\ Soc.},
	number = {11},
	pages = {7623--7644},
	title = {Transitive $2$-representations of finitary $2$-categories},
	volume = {368},
	year = {2016}
}

@article{MMMT19,
	author = {Marco Mackaay and Volodymyr Mazorchuk and Vanessa Miemietz and Daniel Tubbenhauer},
	journal = {Indiana Univ.\ Math.\ J.},
	number = {1},
	pages = {1--33},
	title = {Simple transitive $2$-representations via (co)algebra $1$-morphism},
	volume = {68},
	year = {2019}
}

@article{MMMTZ21,
	author = {Marco Mackaay and Volodymyr Mazorchuk and Vanessa Miemietz and Daniel Tubbenhauer and Xiaoting Zhang},
	journal = {Forum Math.},
	number = {5},
	pages = {1261--1320},
	title = {Finitary birepresentations of finitary bicategories},
	volume = {33},
	year = {2021}
}

@article{RT91,
	author = {Nicolai Yuryevich Reshetikhin and Vladimir Georgievich Turaev},
	journal = {Invent.\ Math.},
	pages = {547--597},
	title = {Invariants of $3$-manifolds via link polynomials and quantum groups},
	volume = {103},
	year = {1991}
}

@misc{Web13a,
	author = {Ben Webster},
	doi = {10.48550/arXiv.1001.2020},
	howpublished = {preprint},
	title = {Knot invariants and higher representation theory I: diagrammatic and geometric categorification of tensor products},
	year = {2013}
}

@misc{Web13b,
	author = {Ben Webster},
	doi = {10.48550/arXiv.1005.4559},
	howpublished = {preprint},
	title = {Knot invariants and higher representation theory II: the categorification of quantum knot invariants},
	year = {2013}
}