@article{AC09,
	author = {Jeffrey Adams and Fokko {{du} Cloux}},
	journal = {J.\ Inst.\ Math.\ Jussieu},
	number = {2},
	pages = {209--259},
	shortauthor = {Adams, J. and du Cloux, F.},
	title = {Algorithms for Representation Theory of Real Reductive Groups},
	volume = {8},
	year = {2009}
}

@book{Ada08,
	author = {Jeffrey Adams},
	number = {472},
	publisher = {American Mathematical Society},
	pages = {1--37},
    series = {Contemporary Mathematics}, %series = {Representation Theory of Real Reductive Lie Groups},
	title = {Guide to the Atlas Software: Computational Representation Theory of Real Reductive Groups},
	year = {2008}
}

@book{BV83,
	author = {Dan Mihai Barbasch and David Alexander Vogan},
	number = {40},
	publisher = {Birkh\"{a}user Boston},
	pages = {21--33},
	series = {Progress in Mathematics},
	title = {Weyl Group Representations and Nilpotent Orbits},
	year = {1983}
}

@misc{Bin10,
	addendum = {\href{https://www.birs.ca/workshops/2010/10w5039/files/BinegarDETAILS.pdf}{https://www.birs.ca/workshops/2010/10w5039/files/BinegarDETAILS.pdf}},
	author = {Birne Binegar},
	howpublished = {Oklahoma State University},
	title = {W-Graphs, Nilpotent Orbits, and Primitive Ideals},
	year = {2010}
}

@article{KL79,
	author = {David Kazhdan and George Lusztig},
	journal = {Invent.\ Math.},
	number = {53},
	pages = {165--184},
	title = {Representations of Coxeter Groups and Hecke Algebras},
	year = {1979}
}

@book{Kna13,
	author = {Anthony William Knapp},
	number = {140},
	publisher = {Springer Science \& Business Media},
	series = {Progress in Mathematics},
	title = {Lie Groups Beyond an Introduction},
	year = {2013}
}

%@article{Vig95,
%	author = {Eugenio Garnica Vigil},
%	journal = {Trans.\ Am.\ Math.\ Soc.},
%	number = {5},
%	pages = {1609--1648},
%	title = {On the Decomposition of Langlands Subrepresentations for a Group in the Harish-Chandra Class},
%	volume = {347},
%	year = {1995}
%}

@book{Vog81,
	author = {David Alexander Vogan},
	number = {15},
	publisher = {Birkh\"{a}user Boston},
	series = {Progress in Mathematics},
	title = {Representations of Real Reductive Lie Groups},
	year = {1981}
}

%@misc{Yao19,
%	author = {Zijian Yao},
%	title = {Representation Theory of Real Groups},
%	url = {https://people.math.harvard.edu/~zyao/notes/notes/rep_real.pdf},
%	year = {2019}
%}

%@article{Yin14,
%	author = {Yunchuan Yin},
%	journal = {Manuscripta Math.},
%	pages = {43--62},
%	title = {$W$-graphs for Hecke algebras with unequal parameters},
%	volume = {147},
%	year = {2014}
%}