@article{BB81,
	author = {Alexandre Beilinson and Joseph Bernstein},
	journal = {C.\ R.\ Acad.\ Sci.\ Paris S\'{e}r.\ I Math.},
	number = {1},
	pages = {15--18},
	title = {Localisation de $\mathfrak{g}$-modules},
	volume = {292},
	year = {1981}
}

@article{BK81,
	author = {Jean-Luc Brylinski and Masaki Kashiwara},
	journal = {Invent.\ Math.},
	number = {3},
	pages = {387--410},
	title = {Kazhdan-Lusztig conjecture and holonomic systems},
	volume = {64},
	year = {1981}
}

@article{EW14,
	author = {Ben Elias and Geordie Williamson},
	journal = {Ann.\ Math.},
	pages = {1089--1136},
	title = {The Hodge theory of Soergel bimodules},
	volume = {180},
	year = {2014}
}

@article{KL79,
	author = {David Kazhdan and George Lusztig},
	journal = {Invent.\ Math.},
	number = {53},
	pages = {165--184},
	title = {Representations of Coxeter Groups and Hecke Algebras},
	year = {1979}
}

@article{LR22,
	author = {Scott Larson and Anna Romanov},
	doi = {10.48550/arXiv.2203.09007},
	title = {A categorification of the Lusztig--Vogan module},
	url = {https://arxiv.org/abs/2203.09007},
	year = {2022}
}

@article{LV83,
	author = {George Lusztig and David Alexander {Vogan Jr.}},
	journal = {Invent.\ Math.},
	number = {2},
	pages = {365--379},
	title = {Singularities of closures of $K$-orbits on flag manifolds},
	volume = {71},
	year = {1983}
}

@article{MMMTZ23,
	author = {Marco Mackaay and Volodymyr Mazorchuk and Vanessa Miemietz and Daniel Tubbenhauer and Xiaoting Zhang},
	journal = {Proc.\ Lond.\ Math.\ Soc.},
	number = {5},
	pages = {1585--1655},
	title = {Simple transitive $2$-representations of Soergel bimodules for finite Coxeter types},
	volume = {126},
	year = {2023}
}

@article{Soe92,
	author = {Wolfgang Soergel},
	journal = {J.\ Reine Angew.\ Math.},
	number = {429},
	pages = {49--74},
	title = {The combinatorics of Harish-Chandra bimodules},
	year = {1992}
}