@article{ALTV20,
	author = {Jeffrey David Adams and Marc A.\ A.\ {{van} Leeuwen} and Peter Engel Trapa and David Alexander {Vogan Jr.}},
	journal = {Ast\'{e}risque},
	shortauthor = {Adams, J.\ D. and van Leeuwen, M.\ A.\ A. and Trapa, P.\ E. and Vogan Jr., D.\ A.},
	title = {Unitary representations of real reductive groups},
	volume = {417},
	year = {2020}
}

@article{BB81,
	author = {Alexandre Beilinson and Joseph Bernstein},
	journal = {C.\ R.\ Acad.\ Sci.\ Paris S\'{e}r.\ I Math.},
	number = {1},
	pages = {15--18},
	title = {Localisation de $\mathfrak{g}$-modules},
	volume = {292},
	year = {1981}
}

@article{BGG76,
	author = {Joseph Naumovic Bernstein and Israel Moiseevich Gelfand and Sergei I. Gelfand},
	journal = {Funct.\ Anal.\ Appl.},
	pages = {87--92},
	title = {Category of $\mathfrak{g}$-modules},
	volume = {10},
	year = {1976}
}

@article{BK81,
	author = {Jean-Luc Brylinski and Masaki Kashiwara},
	journal = {Invent.\ Math.},
	number = {3},
	pages = {387--410},
	title = {Kazhdan-Lusztig conjecture and holonomic systems},
	volume = {64},
	year = {1981}
}

@article{Car13,
	author = {\'{E}lie Cartan},
	journal = {Bull.\ Soc.\ Math.\ de France},
	pages = {53--96},
	title = {Les groupes projectifs qui ne laissent invariante aucune multiplicit\'{e} plane},
	volume = {41},
	year = {1913}
}

@article{CM17,
	author = {Aaron Chan and Volodymyr Mazorchuk},
	journal = {Math.\ Proc.\ Cambridge Philos.\ Soc.},
	number = {2},
	pages = {325--352},
	title = {Diagrams and discrete extensions for finitary $2$-\linebreak representations},
	volume = {166},
	year = {2017}
}
	

@article{CR08,
	author = {Joseph Chuang and Rapha\"{e}l Rouquier},
	journal = {Ann.\ of Math.},
	pages = {245--298},
	title = {Derived equivalences for symmetric groups and $\mathfrak{sl}_2$-\linebreak categorification},
	volume = {167},
	year = {2008}
}

@article{Cra95,
	author = {Louis Crane},
	journal = {J.\ Math.\ Phys.},
	number = {11},
	pages = {6180--6193},
	title = {Clock and category: Is quantum gravity algebraic?},
	volume = {36},
	year = {1995}
}

@article{CF94,
	author = {Louis Crane and Igor Borisovich Frenkel},
	journal = {J.\ Math.\ Phys.},
	number = {10},
	pages = {5136--5154},
	title = {Four‚Äêdimensional topological quantum field theory, Hopf categories, and the canonical bases},
	volume = {35},
	year = {1994}
}

@book{EGNO16,
    author = {Pavel Etingof and Shlomo Gelaki and Dmitri Nikshych and Victor Ostrik},
	publisher = {American Mathematical Society},
    series = {Mathematical Surveys and Monographs 205},
    title = {Tensor Categories},
	year = {2016}
}

@article{EW14,
	author = {Ben Elias and Geordie Williamson},
	journal = {Ann.\ Math.},
	pages = {1089--1136},
	title = {The Hodge theory of Soergel bimodules},
	volume = {180},
	year = {2014}
}

@book{Hal15,
	author = {Brian C.\ Hall},
	publisher = {Springer},
    series = {Graduate Texts in Mathematics},
	title = {Lie Groups, Lie Algebras and Representations: An Elementary Introduction},
	volume = {222},
	year = {2015}
}

@article{Har51,
	author = {Harish-Chandra},
	journal = {Trans.\ Amer.\ Math.\ Soc.},
	number = {1},
	pages = {28--96},
	title = {On Some Applications of the Universal Enveloping Algebra of a Semisimple Lie Algebra},
	volume = {70},
	year = {1951}
}

@article{Jon85,
	author = {Vaughan Frederick Randal Jones},
	journal = {Bull.\ Amer.\ Math.\ Soc.},
	number = {1},
	pages = {103--111},
	title = {A polynomial invariant for knots via von Neumann algebras},
	volume = {12},
	year = {1985}
}

@article{KL79,
	author = {David Kazhdan and George Lusztig},
	journal = {Invent.\ Math.},
	number = {53},
	pages = {165--184},
	title = {Representations of Coxeter Groups and Hecke Algebras},
	year = {1979}
}

@article{Kho00,
	author = {Mikhail Khovanov},
	journal = {Duke Math.\ J.},
	number = {3},
	pages = {359--426},
	title = {A categorification of the Jones polynomial},
	volume = {101},
	year = {2000}
}

@article{Kho07,
	author = {Mikhail Khovanov},
	journal = {Internat.\ J.\ Math.},
	number = {8},
	pages = {869--885},
	title = {Triply-graded link homology and Hochschild homology of Soergel\linebreak bimodules},
	volume = {18},
	year = {2007}
}

@article{LR22,
	author = {Scott Larson and Anna Romanov},
	doi = {10.48550/arXiv.2203.09007},
	title = {A categorification of the Lusztig--Vogan module},
	url = {https://arxiv.org/abs/2203.09007},
	year = {2022}
}

@article{LV83,
	author = {George Lusztig and David Alexander {Vogan Jr.}},
	journal = {Invent.\ Math.},
	number = {2},
	pages = {365--379},
	title = {Singularities of closures of $K$-orbits on flag manifolds},
	volume = {71},
	year = {1983}
}

@article{MM16,
	author = {Volodymyr Mazorchuk and Vanessa Miemietz},
	journal = {Trans.\ Amer.\ Math.\ Soc.},
	number = {11},
	pages = {7623--7644},
	title = {Transitive $2$-representations of finitary $2$-categories},
	volume = {368},
	year = {2016}
}

@article{MMMTZ23,
	author = {Marco Mackaay and Volodymyr Mazorchuk and Vanessa Miemietz and Daniel Tubbenhauer and Xiaoting Zhang},
	journal = {Proc.\ Lond.\ Math.\ Soc.},
	number = {5},
	pages = {1585--1655},
	title = {Simple transitive $2$-representations of Soergel bimodules for finite Coxeter types},
	volume = {126},
	year = {2023}
}

@article{RT91,
	author = {Nicolai Yuryevich Reshetikhin and Vladimir Georgievich Turaev},
	journal = {Invent.\ Math.},
	pages = {547--597},
	title = {Invariants of $3$-manifolds via link polynomials and quantum groups},
	volume = {103},
	year = {1991}
}

@misc{Rou08,
	author = {Rapha\"{e}l Rouquier},
	doi = {10.48550/arXiv.0812.5023},
	howpublished = {preprint},
	title = {$2$-Kac-Moody Algebras},
	year = {2008}
}

@article{Soe90,
	author = {Wolfgang Soergel},
	journal = {J.\ Amer.\ Math.\ Soc.},
	pages = {421--445},
	title = {Kategorie $\mathcal{O}$, perverse Garben und Moduln \"{u}ber den Koinvarianten zur Weylgruppe},
	volume = {3},
	year = {1990}
}

@article{Soe92,
	author = {Wolfgang Soergel},
	journal = {J.\ reine angew.\ Math.},
	pages = {49--74},
	title = {The combinatorics of Harish-Chandra bimodules},
	volume = {429},
	year = {1992}
}

@inproceedings{Soe01,
	author = {Wolfgang Soergel},
	booktitle = {Algebra -- Representation Theory},
	pages = {379--414},
	series = {NATO Sci.\ Ser.\ II Math.\ Phys.\ Chem., vol.\ 28},
	title = {Langland's philosophy and Koszul duality},
	year = {2001}
}

@article{Ver68,
	author = {Daya-Nand Verma},
	journal = {Bull.\ Amer.\ Math.\ Soc.},
	pages = {160--166},
	title = {Structure of certain induced representations of complex semisimple Lie algebras},
	volume = {74},
	year = {1968}
}

@article{Vog82,
	author = {David Alexander {Vogan Jr.}},
	journal = {Duke Math.\ J.},
	number = {4},
	pages = {943--1073},
	title = {Irreducible characters of semisimple Lie groups IV. Character-multiplicity duality},
	volume = {49},
	year = {1982}
}

@article{Web17,
	author = {Ben Webster},
	journal = {Mem.\ Amer.\ Math.\ Soc.},
	number = {1191},
	title = {Knot Invariants and Higher Representation Theory},
	volume = {250},
	year = {2017}
}

@article{Wit89,
	author = {Edward Witten},
	journal = {Commun.\ Math.\ Phys.},
	number = {3},
	pages = {351--399},
	title = {Quantum Field Theory and the Jones Polynomial},
	volume = {121},
	year = {1989}
}